@book{10.2307/j.ctv1228hsw,
 ISBN = {9789586706353},
 URL = {http://www.jstor.org/stable/j.ctv1228hsw},
 abstract = {Es innegable que el mundo viene en una continua evolución, y al igual que los desarrollos tecnológicos, se han presentado avances conceptuales y científicos, que presentan una nueva visión de la realidad. El enfoque reduccionista, ampliamente aceptado y aplicado se ha quedado corto para explicar los complejos comportamientos de los sistemas tales como las organizaciones. Es necesario entonces, un nuevo enfoque, una nueva aproximación a la realidad, que permita comprender dichos sistemas y que brinde herramientas para intervenir en ellos de manera efectiva. Es allí, donde el pensamiento sistémico se presenta como una nueva forma de enfrentar la realidad, entendiendo que es necesario tener una visión del conjunto para poder interpretar su comportamiento. Este libro, presenta una primera aproximación al tema , brindarle al lector un panorama general para iniciar su exploración en el mundo de los sistemas, y para ayudarle a realizar un cambo de pensamiento que le brinde mejor comprensión al mundo.},
 author = {Juan Carlos Osorio Gómez},
 edition = {1},
 publisher = {Universidad del Valle},
 title = {Introducción al pensamiento sistémico},
 urldate = {2022-04-29},
 year = {2008}
}

@book{ossa,
author = {Ossa, Carlos},
year = {2016},
month = {01},
pages = {},
title = {Teoría general de sistemas: conceptos y aplicaciones},
isbn = {9789587222289},
doi = {10.22517/9789587222289}
}

@article{vasquez2005preguntele,
  title={Preg{\'u}ntele al ensayista},
  author={V{\'a}squez, Fernando},
  journal={Bogot{\'a}: Kimpres},
  year={2005}
}

 @misc{ensayoEjemplo, 
    title={Ensayo Científico de Conciencia Ecológica}, 
    url={https://www.ejemplos.co/ensayo-cientifico-de-conciencia-ecologica/}, 
    journal={Ejemplos.co}, 
    publisher={Enciclopedia de Ejemplos}, 
    author={Enciclopedia de Ejemplos}
} 

@article{von1976teoria,
  title={Teor{\'\i}a general de los sistemas},
  author={Von Bertalanffy, Ludwig},
  journal={M{\'e}xico: Editorial Fondo de Cultura Econ{\'o}mica},
  volume={336},
  year={1976}
}